@inproceedings{nahata2021assessing,
  author={Nahata, Richa and Omeiza, Daniel and Howard, Rhys and Kunze, Lars},
  booktitle={2021 IEEE International Intelligent Transportation Systems Conference (ITSC)}, 
  title={Assessing and Explaining Collision Risk in Dynamic Environments for Autonomous Driving Safety}, 
  year={2021},
  volume={},
  number={},
  pages={223-230},
  doi={10.1109/ITSC48978.2021.9564966}
}


